<?xml version="1.0" encoding="UTF-8"?><collection xmlns="http://www.loc.gov/MARC21/slim"><record><leader>00444nam--2200169-u-4500</leader><controlfield tag="001">000051810</controlfield><controlfield tag="002">20161230</controlfield><controlfield tag="005">20170103221657</controlfield><controlfield tag="008">081027s1000------------r-----000-0-eng-d</controlfield><datafield ind1=" " ind2=" " tag="040"><subfield code="a">IFIN-HH</subfield></datafield><datafield ind1=" " ind2=" " tag="080"><subfield code="a">517.2</subfield></datafield><datafield ind1="1" ind2=" " tag="100"><subfield code="a">Salakhitdinov, M. S</subfield><subfield code="e">red</subfield></datafield><datafield ind1="1" ind2="0" tag="245"><subfield code="a">Differentsialnye Uravneniya s Chastnymi Proizvodnymi i ikh Prilozheniya</subfield></datafield><datafield ind1=" " ind2=" " tag="260"><subfield code="a">Tashkent</subfield><subfield code="c">1977</subfield></datafield><datafield ind1=" " ind2=" " tag="300"><subfield code="a">184 p</subfield></datafield><datafield ind1=" " ind2=" " tag="852"><subfield code="a">45216</subfield><subfield code="c">517.9</subfield></datafield><datafield ind1=" " ind2=" " tag="CAT"><subfield code="a">SYS</subfield><subfield code="c">20170103</subfield><subfield code="h">221657</subfield></datafield></record></collection>